@misc{ecured, 
title={Funciones Continuas}, 
url={https://www.ecured.cu/Funciones_continuas}, 
journal={EcuRed}, 
publisher={EcuRed}
} 